@PREAMBLE{
 "\providecommand{\noopsort}[1]{}"
 # "\providecommand{\singleletter}[1]{#1}%"
}

@article{Juszkiewicz_1999,
	doi = {10.1086/312055},

	url = {https://doi.org/10.1086%2F312055},

	year = 1999,
	month = {jun},

	publisher = {American Astronomical Society},

	volume = {518},

	number = {1},

	pages = {L25--L28},

	author = {Roman Juszkiewicz and Volker Springel and Ruth Durrer},

	title = {Dynamics of Pairwise Motions},

	journal = {The Astrophysical Journal}
}

@ARTICLE{2012MNRAS.419.3560T,
       author = {{Thompson}, Robert and {Nagamine}, Kentaro},
        title = "{Pairwise velocities of dark matter haloes: a test for the {\ensuremath{\Lambda}} cold dark matter model using the bullet cluster}",
      journal = {\mnras},
     keywords = {galaxies: clusters: general, galaxies: evolution, galaxies: formation, cosmology: theory, dark matter, Astrophysics - Cosmology and Extragalactic Astrophysics},
         year = 2012,
        month = feb,
       volume = {419},
       number = {4},
        pages = {3560-3570},
          doi = {10.1111/j.1365-2966.2011.20000.x},
archivePrefix = {arXiv},
       eprint = {1107.4645},
 primaryClass = {astro-ph.CO},
       adsurl = {https://ui.adsabs.harvard.edu/abs/2012MNRAS.419.3560T},
      adsnote = {Provided by the SAO/NASA Astrophysics Data System}
}

@ARTICLE{2018MNRAS.474.3435L,
       author = {{Loveday}, J. and {Christodoulou}, L. and {Norberg}, P. and {Peacock}, J.~A. and {Baldry}, I.~K. and {Bland-Hawthorn}, J. and {Brown}, M.~J.~I. and {Colless}, M. and {Driver}, S.~P. and {Holwerda}, B.~W. and {Hopkins}, A.~M. and {Kafle}, P.~R. and {Liske}, J. and {Lopez-Sanchez}, A.~R. and {Taylor}, E.~N.},
        title = "{Galaxy and Mass Assembly (GAMA): small-scale anisotropic galaxy clustering and the pairwise velocity dispersion of galaxies}",
      journal = {\mnras},
     keywords = {galaxies: kinematics and dynamics, galaxies: statistics, Astrophysics - Cosmology and Nongalactic Astrophysics},
         year = 2018,
        month = mar,
       volume = {474},
       number = {3},
        pages = {3435-3450},
          doi = {10.1093/mnras/stx2971},
archivePrefix = {arXiv},
       eprint = {1711.05636},
 primaryClass = {astro-ph.CO},
       adsurl = {https://ui.adsabs.harvard.edu/abs/2018MNRAS.474.3435L},
      adsnote = {Provided by the SAO/NASA Astrophysics Data System}
}

@Article{ALAM2020_ELEPHANT,
  author        = {Shadab Alam and Alejandro Aviles and Rachel Bean and Yan-Chuan Cai and Marius Cautun and others},
    title = "{Towards testing the theory of gravity with DESI: summary statistics, model predictions and future simulation requirements}",
      journal = {\jcap},
     keywords = {cosmological simulations, galaxy clustering, modified gravity, redshift surveys, Astrophysics - Cosmology and Nongalactic Astrophysics},
         year = 2021,
        month = nov,
       volume = {2021},
       number = {11},
          eid = {050},
        pages = {050},
          doi = {10.1088/1475-7516/2021/11/050},
archivePrefix = {arXiv},
       eprint = {2011.05771},
 primaryClass = {astro-ph.CO},
       adsurl = {https://ui.adsabs.harvard.edu/abs/2021JCAP...11..050A},
      adsnote = {Provided by the SAO/NASA Astrophysics Data System}
}

@ARTICLE{ECOSMOG_1,
	author = {{Li}, Baojiu and {Zhao}, Gong-Bo and {Teyssier}, Romain and {Koyama}, Kazuya},
	title = {{ECOSMOG: an Efficient COde for Simulating MOdified Gravity}},
	journal = {\jcap},
	year = 2012,
	month = jan,
	volume = 2012,
	number = 1,
	eid = {051},
	pages = {051},
	doi = {10.1088/1475-7516/2012/01/051},
	archivePrefix = {arXiv},
	eprint = {1110.1379},
	primaryClass = {astro-ph.CO},
	adsurl = {https://ui.adsabs.harvard.edu/abs/2012JCAP...01..051L},
	adsnote = {Provided by the SAO/NASA Astrophysics Data System}
}

@ARTICLE{ECOSMOG_V_1,
	author = {{Li}, Baojiu and {Zhao}, Gong-Bo and {Koyama}, Kazuya},
	title = {{Exploring Vainshtein mechanism on adaptively refined meshes}},
	journal = {\jcap},
	year = 2013,
	month = may,
	volume = 2013,
	number = 5,
	eid = {023},
	pages = {023},
	doi = {10.1088/1475-7516/2013/05/023},
	archivePrefix = {arXiv},
	eprint = {1303.0008},
	primaryClass = {astro-ph.CO},
	adsurl = {https://ui.adsabs.harvard.edu/abs/2013JCAP...05..023L},
	adsnote = {Provided by the SAO/NASA Astrophysics Data System}
}

@ARTICLE{ECOSMOG_2,
	author = {{Bose}, Sownak and {Li}, Baojiu and {Barreira}, Alexandre and {He}, Jian-hua and {Hellwing}, Wojciech A. and others},
	title = {{Speeding up N-body simulations of modified gravity: chameleon screening models}},
	journal = {\jcap},
	year = 2017,
	month = feb,
	volume = 2017,
	number = 2,
	eid = {050},
	pages = {050},
	doi = {10.1088/1475-7516/2017/02/050},
	archivePrefix = {arXiv},
	eprint = {1611.09375},
	primaryClass = {astro-ph.CO},
	adsurl = {https://ui.adsabs.harvard.edu/abs/2017JCAP...02..050B},
	adsnote = {Provided by the SAO/NASA Astrophysics Data System}
}

@ARTICLE{Khoury2003PRD,
	author = {{Khoury}, Justin and {Weltman}, Amanda},
	title = {{Chameleon cosmology}},
	journal = {\prd},
	year = 2004,
	month = feb,
	volume = 69,
	number = 4,
	eid = {044026},
	pages = {044026},
	doi = {10.1103/PhysRevD.69.044026},
	archivePrefix = {arXiv},
	eprint = {astro-ph/0309411},
	primaryClass = {astro-ph},
	adsurl = {https://ui.adsabs.harvard.edu/abs/2004PhRvD..69d4026K},
	adsnote = {Provided by the SAO/NASA Astrophysics Data System}
}

@ARTICLE{Vainshtein_1972,
       author = {{Vainshtein}, A.~I.},
        title = "{To the problem of nonvanishing gravitation mass}",
      journal = {Physics Letters B},
         year = 1972,
        month = may,
       volume = {39},
       number = {3},
        pages = {393-394},
          doi = {10.1016/0370-2693(72)90147-5},
       adsurl = {https://ui.adsabs.harvard.edu/abs/1972PhLB...39..393V},
      adsnote = {Provided by the SAO/NASA Astrophysics Data System}
}

@ARTICLE{HS_fR_2007,
	author = {{Hu}, Wayne and {Sawicki}, Ignacy},
	title = {{Models of f(R) cosmic acceleration that evade solar system tests}},
	journal = {\prd},
	year = 2007,
	month = sep,
	volume = 76,
	number = 6,
	eid = {064004},
	pages = {064004},
	doi = {10.1103/PhysRevD.76.064004},
	archivePrefix = {arXiv},
	eprint = {0705.1158},
	primaryClass = {astro-ph},
	adsurl = {https://ui.adsabs.harvard.edu/abs/2007PhRvD..76f4004H},
	adsnote = {Provided by the SAO/NASA Astrophysics Data System}
}

@ARTICLE{ndgp_2000,
	author = {{Dvali}, G. and {Gabadadze}, G. and {Porrati}, M.},
	title = {{4D gravity on a brane in 5D Minkowski space}},
	journal = {Physics Letters B},
	year = 2000,
	month = jul,
	volume = 485,
	number = {1-3},
	pages = {208--214},
	doi = {10.1016/S0370-2693(00)00669-9},
	archivePrefix = {arXiv},
	eprint = {hep-th/0005016},
	primaryClass = {hep-th},
	adsurl = {https://ui.adsabs.harvard.edu/abs/2000PhLB..485..208D},
	adsnote = {Provided by the SAO/NASA Astrophysics Data System}
}

%%% SPT REFERENCES %%%%

@ARTICLE{2004PhRvD..70h3007S,
       author = {{Scoccimarro}, Rom{\'a}n},
        title = "{Redshift-space distortions, pairwise velocities, and nonlinearities}",
      journal = {\prd},
     keywords = {98.62.Py, 98.65.Dx, Distances redshifts radial velocities, spatial distribution of galaxies, Superclusters, large-scale structure of the Universe, Astrophysics},
         year = 2004,
        month = oct,
       volume = {70},
       number = {8},
          eid = {083007},
        pages = {083007},
          doi = {10.1103/PhysRevD.70.083007},
archivePrefix = {arXiv},
       eprint = {astro-ph/0407214},
 primaryClass = {astro-ph},
       adsurl = {https://ui.adsabs.harvard.edu/abs/2004PhRvD..70h3007S},
      adsnote = {Provided by the SAO/NASA Astrophysics Data System}
}

@ARTICLE{2010PhRvD..82f3522T,
       author = {{Taruya}, Atsushi and {Nishimichi}, Takahiro and {Saito}, Shun},
        title = "{Baryon acoustic oscillations in 2D: Modeling redshift-space power spectrum from perturbation theory}",
      journal = {\prd},
     keywords = {98.80.-k, 95.36.+x, 98.65.-r, Cosmology, Dark energy, Galaxy groups clusters and superclusters, large scale structure of the Universe, Astrophysics - Cosmology and Nongalactic Astrophysics, General Relativity and Quantum Cosmology},
         year = 2010,
        month = sep,
       volume = {82},
       number = {6},
          eid = {063522},
        pages = {063522},
          doi = {10.1103/PhysRevD.82.063522},
archivePrefix = {arXiv},
       eprint = {1006.0699},
 primaryClass = {astro-ph.CO},
       adsurl = {https://ui.adsabs.harvard.edu/abs/2010PhRvD..82f3522T},
      adsnote = {Provided by the SAO/NASA Astrophysics Data System}
}

@ARTICLE{2002PhR...367....1B,
       author = {{Bernardeau}, F. and {Colombi}, S. and {Gazta{\~n}aga}, E. and {Scoccimarro}, R.},
        title = "{Large-scale structure of the Universe and cosmological perturbation theory}",
      journal = {\physrep},
     keywords = {Astrophysics},
         year = 2002,
        month = sep,
       volume = {367},
       number = {1-3},
        pages = {1-248},
          doi = {10.1016/S0370-1573(02)00135-7},
archivePrefix = {arXiv},
       eprint = {astro-ph/0112551},
 primaryClass = {astro-ph},
       adsurl = {https://ui.adsabs.harvard.edu/abs/2002PhR...367....1B},
      adsnote = {Provided by the SAO/NASA Astrophysics Data System}
}

@ARTICLE{2012JCAP...11..029G,
       author = {{Gil-Mar{\'\i}n}, H{\'e}ctor and {Wagner}, Christian and {Verde}, Licia and {Porciani}, Cristiano and {Jimenez}, Raul},
        title = "{Perturbation theory approach for the power spectrum: from dark matter in real space to massive haloes in redshift space}",
      journal = {\jcap},
     keywords = {Astrophysics - Cosmology and Extragalactic Astrophysics},
         year = 2012,
        month = nov,
       volume = {2012},
       number = {11},
          eid = {029},
        pages = {029},
          doi = {10.1088/1475-7516/2012/11/029},
archivePrefix = {arXiv},
       eprint = {1209.3771},
 primaryClass = {astro-ph.CO},
       adsurl = {https://ui.adsabs.harvard.edu/abs/2012JCAP...11..029G},
      adsnote = {Provided by the SAO/NASA Astrophysics Data System}
}

@ARTICLE{2006PhRvD..73f3519C,
       author = {{Crocce}, Mart{\'\i}n and {Scoccimarro}, Rom{\'a}n},
        title = "{Renormalized cosmological perturbation theory}",
      journal = {\prd},
     keywords = {98.80.-k, Cosmology, Astrophysics},
         year = 2006,
        month = mar,
       volume = {73},
       number = {6},
          eid = {063519},
        pages = {063519},
          doi = {10.1103/PhysRevD.73.063519},
archivePrefix = {arXiv},
       eprint = {astro-ph/0509418},
 primaryClass = {astro-ph},
       adsurl = {https://ui.adsabs.harvard.edu/abs/2006PhRvD..73f3519C},
      adsnote = {Provided by the SAO/NASA Astrophysics Data System}
}

%%%% RegPT


@MISC{2014ascl.soft04012T,
       author = {{Taruya}, Atsushi},
        title = "{RegPT: Regularized cosmological power spectrum}",
     keywords = {Software},
 howpublished = {Astrophysics Source Code Library, record ascl:1404.012},
         year = 2014,
        month = apr,
          eid = {ascl:1404.012},
        pages = {ascl:1404.012},
archivePrefix = {ascl},
       eprint = {1404.012},
       adsurl = {https://ui.adsabs.harvard.edu/abs/2014ascl.soft04012T},
      adsnote = {Provided by the SAO/NASA Astrophysics Data System}
}

%%% halofit
@ARTICLE{2019MNRAS.486.1448S,
       author = {{Smith}, Robert E. and {Angulo}, Raul E.},
        title = "{Precision modelling of the matter power spectrum in a Planck-like Universe}",
      journal = {\mnras},
     keywords = {large-scale structure of Universe, Astrophysics - Cosmology and Nongalactic Astrophysics},
         year = 2019,
        month = jun,
       volume = {486},
       number = {1},
        pages = {1448-1479},
          doi = {10.1093/mnras/stz890},
archivePrefix = {arXiv},
       eprint = {1807.00040},
 primaryClass = {astro-ph.CO},
       adsurl = {https://ui.adsabs.harvard.edu/abs/2019MNRAS.486.1448S},
      adsnote = {Provided by the SAO/NASA Astrophysics Data System}
}

@ARTICLE{2012ApJ...761..152T,
       author = {{Takahashi}, Ryuichi and {Sato}, Masanori and {Nishimichi}, Takahiro and {Taruya}, Atsushi and {Oguri}, Masamune},
        title = "{Revising the Halofit Model for the Nonlinear Matter Power Spectrum}",
      journal = {\apj},
     keywords = {cosmology: theory, large-scale structure of universe, methods: numerical, Astrophysics - Cosmology and Nongalactic Astrophysics, General Relativity and Quantum Cosmology},
         year = 2012,
        month = dec,
       volume = {761},
       number = {2},
          eid = {152},
        pages = {152},
          doi = {10.1088/0004-637X/761/2/152},
archivePrefix = {arXiv},
       eprint = {1208.2701},
 primaryClass = {astro-ph.CO},
       adsurl = {https://ui.adsabs.harvard.edu/abs/2012ApJ...761..152T},
      adsnote = {Provided by the SAO/NASA Astrophysics Data System}
}

@ARTICLE{2015MNRAS.454.1958M,
       author = {{Mead}, A.~J. and {Peacock}, J.~A. and {Heymans}, C. and {Joudaki}, S. and {Heavens}, A.~F.},
        title = "{An accurate halo model for fitting non-linear cosmological power spectra and baryonic feedback models}",
      journal = {\mnras},
     keywords = {gravitational lensing: weak, cosmology: theory, dark energy, large-scale structure of Universe, Astrophysics - Cosmology and Nongalactic Astrophysics},
         year = 2015,
        month = dec,
       volume = {454},
       number = {2},
        pages = {1958-1975},
          doi = {10.1093/mnras/stv2036},
archivePrefix = {arXiv},
       eprint = {1505.07833},
 primaryClass = {astro-ph.CO},
       adsurl = {https://ui.adsabs.harvard.edu/abs/2015MNRAS.454.1958M},
      adsnote = {Provided by the SAO/NASA Astrophysics Data System}
}

%%%%% emulators

@ARTICLE{2014ApJ...780..111H,
       author = {{Heitmann}, Katrin and {Lawrence}, Earl and {Kwan}, Juliana and {Habib}, Salman and {Higdon}, David},
        title = "{The Coyote Universe Extended: Precision Emulation of the Matter Power Spectrum}",
      journal = {\apj},
     keywords = {large-scale structure of universe, methods: statistical, Astrophysics - Cosmology and Nongalactic Astrophysics},
         year = 2014,
        month = jan,
       volume = {780},
       number = {1},
          eid = {111},
        pages = {111},
          doi = {10.1088/0004-637X/780/1/111},
archivePrefix = {arXiv},
       eprint = {1304.7849},
 primaryClass = {astro-ph.CO},
       adsurl = {https://ui.adsabs.harvard.edu/abs/2014ApJ...780..111H},
      adsnote = {Provided by the SAO/NASA Astrophysics Data System}
}



@ARTICLE{2019PhRvD.100l3540W,
       author = {{Winther}, Hans A. and {Casas}, Santiago and {Baldi}, Marco and {Koyama}, Kazuya and {Li}, Baojiu and {Lombriser}, Lucas and {Zhao}, Gong-Bo},
        title = "{Emulators for the nonlinear matter power spectrum beyond {\ensuremath{\Lambda}} CDM}",
      journal = {\prd},
     keywords = {Astrophysics - Cosmology and Nongalactic Astrophysics, General Relativity and Quantum Cosmology},
         year = 2019,
        month = dec,
       volume = {100},
       number = {12},
          eid = {123540},
        pages = {123540},
          doi = {10.1103/PhysRevD.100.123540},
archivePrefix = {arXiv},
       eprint = {1903.08798},
 primaryClass = {astro-ph.CO},
       adsurl = {https://ui.adsabs.harvard.edu/abs/2019PhRvD.100l3540W},
      adsnote = {Provided by the SAO/NASA Astrophysics Data System}
}

@ARTICLE{2021MNRAS.505.2840E,
       author = {{Euclid Collaboration} and {Knabenhans}, M. and {Stadel}, J. and {Potter}, D. and {Dakin}, J. and {Hannestad}, S. and {Tram}, T. and {Marelli}, S. and {Schneider}, A. and {Teyssier}, R. and {Fosalba}, P. and {Andreon}, S. and {Auricchio}, N. and {Baccigalupi}, C. and {Balaguera-Antol{\'\i}nez}, A. and {Baldi}, M. and {Bardelli}, S. and {Battaglia}, P. and {Bender}, R. and {Biviano}, A. and {Bodendorf}, C. and {Bozzo}, E. and {Branchini}, E. and {Brescia}, M. and {Burigana}, C. and {Cabanac}, R. and {Camera}, S. and {Capobianco}, V. and {Cappi}, A. and {Carbone}, C. and {Carretero}, J. and {Carvalho}, C.~S. and {Casas}, R. and {Casas}, S. and {Castellano}, M. and {Castignani}, G. and {Cavuoti}, S. and {Cledassou}, R. and {Colodro-Conde}, C. and {Congedo}, G. and {Conselice}, C.~J. and {Conversi}, L. and {Copin}, Y. and {Corcione}, L. and {Coupon}, J. and {Courtois}, H.~M. and {Da Silva}, A. and {de la Torre}, S. and {Di Ferdinando}, D. and {Duncan}, C.~A.~J. and {Dupac}, X. and {Fabbian}, G. and {Farrens}, S. and {Ferreira}, P.~G. and {Finelli}, F. and {Frailis}, M. and {Franceschi}, E. and {Galeotta}, S. and {Garilli}, B. and {Giocoli}, C. and {Gozaliasl}, G. and {Graci{\'a}-Carpio}, J. and {Grupp}, F. and {Guzzo}, L. and {Holmes}, W. and {Hormuth}, F. and {Israel}, H. and {Jahnke}, K. and {Keihanen}, E. and {Kermiche}, S. and {Kirkpatrick}, C.~C. and {Kubik}, B. and {Kunz}, M. and {Kurki-Suonio}, H. and {Ligori}, S. and {Lilje}, P.~B. and {Lloro}, I. and {Maino}, D. and {Marggraf}, O. and {Markovic}, K. and {Martinet}, N. and {Marulli}, F. and {Massey}, R. and {Mauri}, N. and {Maurogordato}, S. and {Medinaceli}, E. and {Meneghetti}, M. and {Metcalf}, B. and {Meylan}, G. and {Moresco}, M. and {Morin}, B. and {Moscardini}, L. and {Munari}, E. and {Neissner}, C. and {Niemi}, S.~M. and {Padilla}, C. and {Paltani}, S. and {Pasian}, F. and {Patrizii}, L. and {Pettorino}, V. and {Pires}, S. and {Polenta}, G. and {Poncet}, M. and {Raison}, F. and {Renzi}, A. and {Rhodes}, J. and {Riccio}, G. and {Romelli}, E. and {Roncarelli}, M. and {Saglia}, R. and {S{\'a}nchez}, A.~G. and {Sapone}, D. and {Schneider}, P. and {Scottez}, V. and {Secroun}, A. and {Serrano}, S. and {Sirignano}, C. and {Sirri}, G. and {Stanco}, L. and {Sureau}, F. and {Tallada Cresp{\'\i}}, P. and {Taylor}, A.~N. and {Tenti}, M. and {Tereno}, I. and {Toledo-Moreo}, R. and {Torradeflot}, F. and {Valenziano}, L. and {Valiviita}, J. and {Vassallo}, T. and {Viel}, M. and {Wang}, Y. and {Welikala}, N. and {Whittaker}, L. and {Zacchei}, A. and {Zucca}, E.},
        title = "{Euclid preparation: IX. EuclidEmulator2 - power spectrum emulation with massive neutrinos and self-consistent dark energy perturbations}",
      journal = {\mnras},
     keywords = {methods: numerical, methods: statistical, cosmological parameters, large-scale structure of Universe, Astrophysics - Cosmology and Nongalactic Astrophysics},
         year = 2021,
        month = aug,
       volume = {505},
       number = {2},
        pages = {2840-2869},
          doi = {10.1093/mnras/stab1366},
archivePrefix = {arXiv},
       eprint = {2010.11288},
 primaryClass = {astro-ph.CO},
       adsurl = {https://ui.adsabs.harvard.edu/abs/2021MNRAS.505.2840E},
      adsnote = {Provided by the SAO/NASA Astrophysics Data System}
}


%%% v-web

@ARTICLE{2012MNRAS.425.2049H,
       author = {{Hoffman}, Yehuda and {Metuki}, Ofer and {Yepes}, Gustavo and {Gottl{\"o}ber}, Stefan and {Forero-Romero}, Jaime E. and {Libeskind}, Noam I. and {Knebe}, Alexander},
        title = "{A kinematic classification of the cosmic web}",
      journal = {\mnras},
     keywords = {cosmology: theory, dark matter, large scale of Universe, Astrophysics - Cosmology and Extragalactic Astrophysics},
         year = 2012,
        month = sep,
       volume = {425},
       number = {3},
        pages = {2049-2057},
          doi = {10.1111/j.1365-2966.2012.21553.x},
archivePrefix = {arXiv},
       eprint = {1201.3367},
 primaryClass = {astro-ph.CO},
       adsurl = {https://ui.adsabs.harvard.edu/abs/2012MNRAS.425.2049H},
      adsnote = {Provided by the SAO/NASA Astrophysics Data System}
}


%% lilow nusser vel recons
@ARTICLE{2021MNRAS.507.1557L,
       author = {{Lilow}, Robert and {Nusser}, Adi},
        title = "{Constrained realizations of 2MRS density and peculiar velocity fields: growth rate and local flow}",
      journal = {\mnras},
     keywords = {galaxies: statistics, dark matter, large-scale structure of Universe, cosmology: observations, Astrophysics - Cosmology and Nongalactic Astrophysics},
         year = 2021,
        month = oct,
       volume = {507},
       number = {2},
        pages = {1557-1581},
          doi = {10.1093/mnras/stab2009},
archivePrefix = {arXiv},
       eprint = {2102.07291},
 primaryClass = {astro-ph.CO},
       adsurl = {https://ui.adsabs.harvard.edu/abs/2021MNRAS.507.1557L},
      adsnote = {Provided by the SAO/NASA Astrophysics Data System}
}

@ARTICLE{2023MNRAS.522.5291G,
       author = {{Ganeshaiah Veena}, Punyakoti and {Lilow}, Robert and {Nusser}, Adi},
        title = "{Large-scale density and velocity field reconstructions with neural networks}",
      journal = {\mnras},
     keywords = {methods: data analysis, galaxies: statistics, cosmology: observations, dark matter, large-scale structure of Universe, Astrophysics - Cosmology and Nongalactic Astrophysics, Astrophysics - Astrophysics of Galaxies},
         year = 2023,
        month = jul,
       volume = {522},
       number = {4},
        pages = {5291-5307},
          doi = {10.1093/mnras/stad1222},
archivePrefix = {arXiv},
       eprint = {2212.06439},
 primaryClass = {astro-ph.CO},
       adsurl = {https://ui.adsabs.harvard.edu/abs/2023MNRAS.522.5291G},
      adsnote = {Provided by the SAO/NASA Astrophysics Data System}
}

%%% CLPT
@ARTICLE{2013MNRAS.429.1674C,
       author = {{Carlson}, Jordan and {Reid}, Beth and {White}, Martin},
        title = "{Convolution Lagrangian perturbation theory for biased tracers}",
      journal = {\mnras},
     keywords = {gravitation, galaxies: haloes, galaxies: statistics, cosmological parameters, large-scale structure of Universe, Astrophysics - Cosmology and Nongalactic Astrophysics},
         year = 2013,
        month = feb,
       volume = {429},
       number = {2},
        pages = {1674-1685},
          doi = {10.1093/mnras/sts457},
archivePrefix = {arXiv},
       eprint = {1209.0780},
 primaryClass = {astro-ph.CO},
       adsurl = {https://ui.adsabs.harvard.edu/abs/2013MNRAS.429.1674C},
      adsnote = {Provided by the SAO/NASA Astrophysics Data System}
}

%% suhani
@ARTICLE{2023PhRvD.107h3525G,
       author = {{Gupta}, Suhani and {Hellwing}, Wojciech A. and {Bilicki}, Maciej},
        title = "{Improved analytical modeling of the nonlinear power spectrum in modified gravity cosmologies}",
      journal = {\prd},
     keywords = {Astrophysics - Cosmology and Nongalactic Astrophysics},
         year = 2023,
        month = apr,
       volume = {107},
       number = {8},
          eid = {083525},
        pages = {083525},
          doi = {10.1103/PhysRevD.107.083525},
archivePrefix = {arXiv},
       eprint = {2301.12016},
 primaryClass = {astro-ph.CO},
       adsurl = {https://ui.adsabs.harvard.edu/abs/2023PhRvD.107h3525G},
      adsnote = {Provided by the SAO/NASA Astrophysics Data System}
}


@BOOK{1980lssu.book,
       author = {{Peebles}, P.~J.~E.},
        title = "{The large-scale structure of the universe}",
         year = 1980,
       adsurl = {https://ui.adsabs.harvard.edu/abs/1980lssu.book.....P},
      adsnote = {Provided by the SAO/NASA Astrophysics Data System}
}


%%%%

extra references
@ARTICLE{1999ApJ...515L...1F,
       author = {{Ferreira}, P.~G. and {Juszkiewicz}, R. and {Feldman}, H.~A. and {Davis}, M. and {Jaffe}, A.~H.},
        title = "{Streaming Velocities as a Dynamical Estimator of {\ensuremath{\Omega}}}",
      journal = {\apjl},
     keywords = {COSMOLOGY: OBSERVATIONS, COSMOLOGY: THEORY, GALAXIES: DISTANCES AND REDSHIFTS, GALAXIES: KINEMATICS AND DYNAMICS, Cosmology: Observations, Cosmology: Theory, Galaxies: Distances and Redshifts, Galaxies: Kinematics and Dynamics, Astrophysics},
         year = 1999,
        month = apr,
       volume = {515},
       number = {1},
        pages = {L1-L4},
          doi = {10.1086/311959},
archivePrefix = {arXiv},
       eprint = {astro-ph/9812456},
 primaryClass = {astro-ph},
       adsurl = {https://ui.adsabs.harvard.edu/abs/1999ApJ...515L...1F},
      adsnote = {Provided by the SAO/NASA Astrophysics Data System}
}


@ARTICLE{2001MNRAS.325.1288S,
       author = {{Sheth}, Ravi K. and {Hui}, Lam and {Diaferio}, Antonaldo and {Scoccimarro}, Rom{\'a}n},
        title = "{Linear and non-linear contributions to pairwise peculiar velocities}",
      journal = {\mnras},
     keywords = {GALAXIES: CLUSTERS: GENERAL, COSMOLOGY: THEORY, DARK MATTER, Astrophysics},
         year = 2001,
        month = aug,
       volume = {325},
       number = {4},
        pages = {1288-1302},
          doi = {10.1046/j.1365-8711.2001.04222.x},
archivePrefix = {arXiv},
       eprint = {astro-ph/0009167},
 primaryClass = {astro-ph},
       adsurl = {https://ui.adsabs.harvard.edu/abs/2001MNRAS.325.1288S},
      adsnote = {Provided by the SAO/NASA Astrophysics Data System}
}

@ARTICLE{2001MNRAS.326..463S,
       author = {{Sheth}, Ravi K. and {Diaferio}, Antonaldo and {Hui}, Lam and {Scoccimarro}, Rom{\'a}n},
        title = "{On the streaming motions of haloes and galaxies}",
      journal = {\mnras},
     keywords = {GALAXIES: CLUSTERS: GENERAL, COSMOLOGY: THEORY, DARK MATTER, Astrophysics},
         year = 2001,
        month = sep,
       volume = {326},
       number = {2},
        pages = {463-472},
          doi = {10.1046/j.1365-8711.2001.04457.x},
archivePrefix = {arXiv},
       eprint = {astro-ph/0010137},
 primaryClass = {astro-ph},
       adsurl = {https://ui.adsabs.harvard.edu/abs/2001MNRAS.326..463S},
      adsnote = {Provided by the SAO/NASA Astrophysics Data System}
}

@ARTICLE{2019ApJ...873L..23Y,
       author = {{Yasini}, Siavash and {Mirzatuny}, Nareg and {Pierpaoli}, Elena},
        title = "{Pairwise Transverse Velocity Measurement with the Rees-Sciama Effect}",
      journal = {\apjl},
     keywords = {cosmic background radiation, cosmology: theory, galaxies: clusters: general, gravitational lensing: weak, large-scale structure of universe, Astrophysics - Cosmology and Nongalactic Astrophysics, Astrophysics - Astrophysics of Galaxies, Astrophysics - Instrumentation and Methods for Astrophysics},
         year = 2019,
        month = mar,
       volume = {873},
       number = {2},
          eid = {L23},
        pages = {L23},
          doi = {10.3847/2041-8213/ab0bfe},
archivePrefix = {arXiv},
       eprint = {1812.04241},
 primaryClass = {astro-ph.CO},
       adsurl = {https://ui.adsabs.harvard.edu/abs/2019ApJ...873L..23Y},
      adsnote = {Provided by the SAO/NASA Astrophysics Data System}
}

@article{Bueno_Belloso_2012,
	doi = {10.1103/physrevd.86.023530},

	url = {https://doi.org/10.1103%2Fphysrevd.86.023530},

	year = 2012,
	month = {jul},

	publisher = {American Physical Society ({APS})},

	volume = {86},

	number = {2},

	author = {Alicia Bueno Belloso and Guido W. Pettinari and Nikolai Meures and Will J. Percival},

	title = {Using galaxy pairs as cosmological tracers},

	journal = {Physical Review D}
}

@article{Li_2006,
	doi = {10.1111/j.1365-2966.2006.10177.x},

	url = {https://doi.org/10.1111%2Fj.1365-2966.2006.10177.x},

	year = 2006,
	month = {may},

	publisher = {Oxford University Press ({OUP})},

	volume = {368},

	number = {1},

	pages = {37--47},

	author = {C. Li and Y. P. Jing and G. Kauffmann and G. Borner and S. D. M. White and F. Z. Cheng},

	title = {The dependence of the pairwise velocity dispersion on galaxy properties},

	journal = {Monthly Notices of the Royal Astronomical Society}
}

@article{Jing:2004dk,
    author = "Jing, Y. P. and Boerner, G.",
    title = "{The Pairwise velocity dispersion of galaxies: Luminosity dependence and a new test of galaxy formation models}",
    eprint = "astro-ph/0406077",
    archivePrefix = "arXiv",
    doi = "10.1086/425679",
    journal = "Astrophys. J.",
    volume = "617",
    pages = "782--793",
    year = "2004"
}

@ARTICLE{2021PhRvD.103j3524G,
       author = {{Garc{\'\i}a-Farieta}, Jorge Enrique and {Hellwing}, Wojciech A. and {Gupta}, Suhani and {Bilicki}, Maciej},
        title = "{Probing gravity with redshift-space distortions: Effects of tracer bias and sample selection}",
      journal = {\prd},
     keywords = {Astrophysics - Cosmology and Nongalactic Astrophysics},
         year = 2021,
        month = may,
       volume = {103},
       number = {10},
          eid = {103524},
        pages = {103524},
          doi = {10.1103/PhysRevD.103.103524},
archivePrefix = {arXiv},
       eprint = {2103.14019},
 primaryClass = {astro-ph.CO},
       adsurl = {https://ui.adsabs.harvard.edu/abs/2021PhRvD.103j3524G},
      adsnote = {Provided by the SAO/NASA Astrophysics Data System}
}

@ARTICLE{2022PhRvD.105d3538G,
       author = {{Gupta}, Suhani and {Hellwing}, Wojciech A. and {Bilicki}, Maciej and {Garc{\'\i}a-Farieta}, Jorge Enrique},
        title = "{Universality of the halo mass function in modified gravity cosmologies}",
      journal = {\prd},
     keywords = {Astrophysics - Cosmology and Nongalactic Astrophysics},
         year = 2022,
        month = feb,
       volume = {105},
       number = {4},
          eid = {043538},
        pages = {043538},
          doi = {10.1103/PhysRevD.105.043538},
archivePrefix = {arXiv},
       eprint = {2112.03699},
 primaryClass = {astro-ph.CO},
       adsurl = {https://ui.adsabs.harvard.edu/abs/2022PhRvD.105d3538G},
      adsnote = {Provided by the SAO/NASA Astrophysics Data System}
}



@ARTICLE{2014PhRvL.112v1102H,
       author = {{Hellwing}, Wojciech A. and {Barreira}, Alexandre and {Frenk}, Carlos S. and {Li}, Baojiu and {Cole}, Shaun},
        title = "{Clear and Measurable Signature of Modified Gravity in the Galaxy Velocity Field}",
      journal = {\prl},
     keywords = {98.80.Es, 04.50.Kd, 95.36.+x, 98.62.Py, Observational cosmology, Modified theories of gravity, Dark energy, Distances redshifts radial velocities, spatial distribution of galaxies, Astrophysics - Cosmology and Nongalactic Astrophysics},
         year = 2014,
        month = jun,
       volume = {112},
       number = {22},
          eid = {221102},
        pages = {221102},
          doi = {10.1103/PhysRevLett.112.221102},
archivePrefix = {arXiv},
       eprint = {1401.0706},
 primaryClass = {astro-ph.CO},
       adsurl = {https://ui.adsabs.harvard.edu/abs/2014PhRvL.112v1102H},
      adsnote = {Provided by the SAO/NASA Astrophysics Data System}
}

### suhani references ###
@article{PhysRevD.78.123524,
  title = {Nonlinear evolution of $f(R)$ cosmologies. II. Power spectrum},
  author = {Oyaizu, Hiroaki and Lima, Marcos and Hu, Wayne},
  journal = {Phys. Rev. D},
  volume = {78},
  issue = {12},
  pages = {123524},
  numpages = {9},
  year = {2008},
  month = {Dec},
  publisher = {American Physical Society},
  doi = {10.1103/PhysRevD.78.123524},
  url = {https://link.aps.org/doi/10.1103/PhysRevD.78.123524}
}

### suhani references ###
@article{Alam_2021,
doi = {10.1088/1475-7516/2021/11/050},
url = {https://dx.doi.org/10.1088/1475-7516/2021/11/050},
year = {2021},
month = {nov},
publisher = {IOP Publishing},
volume = {2021},
number = {11},
pages = {050},
author = {Shadab Alam and Christian Arnold and Alejandro Aviles and Rachel Bean and Yan-Chuan Cai and Marius Cautun and Jorge L. Cervantes-Cota and Carolina Cuesta-Lazaro and N. Chandrachani Devi and Alexander Eggemeier and Sebastien Fromenteau and Alma X. Gonzalez-Morales and Vitali Halenka and Jian-hua He and Wojciech A. Hellwing and César Hernández-Aguayo and Mustapha Ishak and Kazuya Koyama and Baojiu Li and Axel de la Macorra and Jennifer Meneses Rizo and Christopher Miller and Eva-Maria Mueller and Gustavo Niz and Pierros Ntelis and Matia Rodríguez Otero and Cristiano G. Sabiu and Zachary Slepian and Alejo Stark and Octavio Valenzuela and Georgios Valogiannis and Mariana Vargas-Magaña and Hans A. Winther and Pauline Zarrouk and Gong-Bo Zhao and Yi Zheng},
title = {Towards testing the theory of gravity with DESI: summary statistics, model predictions and future simulation requirements},
journal = {Journal of Cosmology and Astroparticle Physics},
abstract = {Shortly after its discovery, General Relativity (GR) was applied to predict the behavior of our Universe on the largest scales, and later became the foundation of modern cosmology. Its validity has been verified on a range of scales and environments from the Solar system to merging black holes. However, experimental confirmations of GR on cosmological scales have so far lacked the accuracy one would hope for — its applications on those scales being largely based on extrapolation and its validity there sometimes questioned in the shadow of the discovery of the unexpected cosmic acceleration. Future astronomical instruments surveying the distribution and evolution of galaxies over substantial portions of the observable Universe, such as the Dark Energy Spectroscopic Instrument (DESI), will be able to measure the fingerprints of gravity and their statistical power will allow strong constraints on alternatives to GR.

In this paper, based on a set of N-body simulations and mock galaxy catalogs, we study the predictions of a number of traditional and novel summary statistics beyond linear redshift distortions in two well-studied modified gravity models — chameleon f(R) gravity and a braneworld model — and the potential of testing these deviations from GR using DESI. These summary statistics employ a wide array of statistical properties of the galaxy and the underlying dark matter field, including two-point and higher-order statistics, environmental dependence, redshift space distortions and weak lensing. We find that they hold promising power for testing GR to unprecedented precision. The major future challenge is to make realistic,  simulation-based mock galaxy catalogs for both GR and alternative models to fully exploit the statistic power of the DESI survey (by matching the volumes and galaxy number densities of the mocks to those in the real survey) and to better understand the impact of key systematic effects. Using these, we identify future simulation and analysis needs for gravity tests using DESI.}
}

### suhani references ###
@article{PhysRevD.79.123512,
  title = {Nonlinear evolution of the matter power spectrum in modified theories of gravity},
  author = {Koyama, Kazuya and Taruya, Atsushi and Hiramatsu, Takashi},
  journal = {Phys. Rev. D},
  volume = {79},
  issue = {12},
  pages = {123512},
  numpages = {21},
  year = {2009},
  month = {Jun},
  publisher = {American Physical Society},
  doi = {10.1103/PhysRevD.79.123512},
  url = {https://link.aps.org/doi/10.1103/PhysRevD.79.123512}
}


### suhani references ###
@article{PhysRevD.76.104043,
  title = {Parametrized post-Friedmann framework for modified gravity},
  author = {Hu, Wayne and Sawicki, Ignacy},
  journal = {Phys. Rev. D},
  volume = {76},
  issue = {10},
  pages = {104043},
  numpages = {12},
  year = {2007},
  month = {Nov},
  publisher = {American Physical Society},
  doi = {10.1103/PhysRevD.76.104043},
  url = {https://link.aps.org/doi/10.1103/PhysRevD.76.104043}
}

### suhani references ###
@article{10.1093/mnras/stv2036,
    author = {Mead, A. J. and Peacock, J. A. and Heymans, C. and Joudaki, S. and Heavens, A. F.},
    title = "{An accurate halo model for fitting non-linear cosmological power spectra and baryonic feedback models}",
    journal = {Monthly Notices of the Royal Astronomical Society},
    volume = {454},
    number = {2},
    pages = {1958-1975},
    year = {2015},
    month = {10},
    abstract = "{We present an optimized variant of the halo model, designed to produce accurate matter power spectra well into the non-linear regime for a wide range of cosmological models. To do this, we introduce physically motivated free parameters into the halo-model formalism and fit these to data from high-resolution N-body simulations. For a variety of Λ cold dark matter (ΛCDM) and wCDM models, the halo-model power is accurate to ≃ 5 per cent for k ≤ 10h Mpc−1 and z ≤ 2. An advantage of our new halo model is that it can be adapted to account for the effects of baryonic feedback on the power spectrum. We demonstrate this by fitting the halo model to power spectra from the OWLS (OverWhelmingly Large Simulations) hydrodynamical simulation suite via parameters that govern halo internal structure. We are able to fit all feedback models investigated at the 5 per cent level using only two free parameters, and we place limits on the range of these halo parameters for feedback models investigated by the OWLS simulations. Accurate predictions to high k are vital for weak-lensing surveys, and these halo parameters could be considered nuisance parameters to marginalize over in future analyses to mitigate uncertainty regarding the details of feedback. Finally, we investigate how lensing observables predicted by our model compare to those from simulations and from halofit for a range of k-cuts and feedback models and quantify the angular scales at which these effects become important. Code to calculate power spectra from the model presented in this paper can be found at https://github.com/alexander-mead/hmcode.}",
    issn = {0035-8711},
    doi = {10.1093/mnras/stv2036},
    url = {https://doi.org/10.1093/mnras/stv2036},
    eprint = {https://academic.oup.com/mnras/article-pdf/454/2/1958/9381114/stv2036.pdf},
}

@article{Zhao_2014,
doi = {10.1088/0067-0049/211/2/23},
url = {https://dx.doi.org/10.1088/0067-0049/211/2/23},
year = {2014},
month = {mar},
publisher = {The American Astronomical Society},
volume = {211},
number = {2},
pages = {23},
author = {Gong-Bo Zhao},
title = {MODELING THE NONLINEAR CLUSTERING IN MODIFIED GRAVITY MODELS. I. A FITTING FORMULA FOR THE MATTER POWER SPECTRUM OF f(R) GRAVITY},
journal = {The Astrophysical Journal Supplement Series},
abstract = {Based on a suite of N-body simulations of the Hu–Sawicki model of f(R) gravity with different sets of model and cosmological parameters, we develop a new fitting formula with a numeric code, MGHalofit, to calculate the nonlinear matter power spectrum P(k) for the Hu–Sawicki model. We compare the MGHalofit predictions at various redshifts (z ⩽ 1) to the f(R) simulations and find that the relative error of the MGHalofit fitting formula of P(k) is no larger than 6% at k ⩽ 1 h Mpc−1 and 12% at k ∈ (1, 10] h Mpc−1, respectively. Based on a sensitivity study of an ongoing and a future spectroscopic survey, we estimate the detectability of a signal of modified gravity described by the Hu–Sawicki model using the power spectrum up to quasi-nonlinear scales.}
}


### Observational

@ARTICLE{2000Sci...287..109J,
       author = {{Juszkiewicz}, R. and {Ferreira}, P.~G. and {Feldman}, H.~A. and {Jaffe}, A.~H. and {Davis}, M.},
        title = "{Evidence for a Low-Density Universe from the Relative Velocities of Galaxies}",
      journal = {Science},
     keywords = {ASTRONOMY, Astrophysics},
         year = 2000,
        month = jan,
       volume = {287},
       number = {5450},
        pages = {109-112},
          doi = {10.1126/science.287.5450.109},
archivePrefix = {arXiv},
       eprint = {astro-ph/0001041},
 primaryClass = {astro-ph},
       adsurl = {https://ui.adsabs.harvard.edu/abs/2000Sci...287..109J},
      adsnote = {Provided by the SAO/NASA Astrophysics Data System}
}



%%%% CAMB
@article{Lewis_2000,
	doi = {10.1086/309179},

	url = {https://doi.org/10.1086%2F309179},

	year = 2000,
	month = {aug},

	publisher = {American Astronomical Society},

	volume = {538},

	number = {2},

	pages = {473--476},

	author = {Antony Lewis and Anthony Challinor and Anthony Lasenby},

	title = {Efficient Computation of Cosmic Microwave Background Anisotropies in Closed Friedmann-Robertson-Walker Models},

	journal = {The Astrophysical Journal}
}

@article{Howlett_2012,
	doi = {10.1088/1475-7516/2012/04/027},

	url = {https://doi.org/10.1088%2F1475-7516%2F2012%2F04%2F027},

	year = 2012,
	month = {apr},

	publisher = {{IOP} Publishing},

	volume = {2012},

	number = {04},

	pages = {027--027},

	author = {Cullan Howlett and Antony Lewis and Alex Hall and Anthony Challinor},

	title = {{CMB} power spectrum parameter degeneracies in the era of precision cosmology},

	journal = {Journal of Cosmology and Astroparticle Physics}
}

%%%% screening mechanisms
@ARTICLE{2019A&A...622A..62A,
       author = {{Aviles}, Alejandro and {Cervantes-Cota}, Jorge L. and {Mota}, David F.},
        title = "{Screenings in modified gravity: a perturbative approach}",
      journal = {\aap},
     keywords = {gravitation, large-scale structure of Universe, cosmology: theory, cosmology: miscellaneous, cosmology: observations, dark energy},
         year = 2019,
        month = feb,
       volume = {622},
          eid = {A62},
        pages = {A62},
          doi = {10.1051/0004-6361/201834383},
       adsurl = {https://ui.adsabs.harvard.edu/abs/2019A&A...622A..62A},
      adsnote = {Provided by the SAO/NASA Astrophysics Data System}
}
